<?xml version="1.0" encoding="UTF-8"?>
<record xmlns="http://www.loc.gov/MARC21/slim" xmlns:xsi="http://www.w3.org/2001/XMLSchema-instance" xsi:schemaLocation="http://www.loc.gov/MARC21/slim http://www.loc.gov/standards/marcxml/schema/MARC21slim.xsd">
<leader>00000cam a22      a 4500</leader>
<controlfield tag="001">001679104</controlfield>
<controlfield tag="003">NNU</controlfield>
<controlfield tag="005">20160114175403.0</controlfield>
<controlfield tag="008">000905s1939    ua b          000 0 ara d</controlfield>
<datafield tag="035" ind1=" " ind2=" ">
<subfield code="a">(OCoLC)476976562</subfield>
</datafield>
<datafield tag="040" ind1=" " ind2=" ">
<subfield code="a">NjP</subfield>
<subfield code="b">eng</subfield>
<subfield code="c">N15</subfield>
<subfield code="d">OCLCF</subfield>
<subfield code="d">OCLCQ</subfield>
<subfield code="d">NNU</subfield>
</datafield>
<datafield tag="050" ind1=" " ind2="4">
<subfield code="a">G370</subfield>
<subfield code="b">.I3 1939</subfield>
</datafield>
<datafield tag="100" ind1="1" ind2=" ">
<subfield code="6">880-01</subfield>
<subfield code="a">Ziyādah, Muḥammad Muṣṭafá.</subfield>
</datafield>
<datafield tag="245" ind1="1" ind2="0">
<subfield code="6">880-02</subfield>
<subfield code="a">Riḥlat Ibn Jubayr wa-Riḥlat Ibn Baṭṭūṭah :</subfield>
<subfield code="b">muḥāḍaratān ulqiyatā bi-Dār Maktab al-Tabādul al-Thaqāfī lil-Maghrib bi-Miṣr fī yawmay 12 wa 19 Māyū sanat 1939 /</subfield>
<subfield code="c">li-Muḥammad Muṣṭafá Ziyādah.</subfield>
</datafield>
<datafield tag="260" ind1=" " ind2=" ">
<subfield code="6">880-03</subfield>
<subfield code="a">al-Qāhirah :</subfield>
<subfield code="b">Maṭbaʻat Lajnat al-Taʼlīf wa-al-Tarjamah wa-al-Nashr,</subfield>
<subfield code="c">1939.</subfield>
</datafield>
<datafield tag="300" ind1=" " ind2=" ">
<subfield code="a">22, 22 pages :</subfield>
<subfield code="b">maps ;</subfield>
<subfield code="c">25 cm</subfield>
</datafield>
<datafield tag="336" ind1=" " ind2=" ">
<subfield code="a">text</subfield>
<subfield code="b">txt</subfield>
<subfield code="2">rdacontent</subfield>
</datafield>
<datafield tag="337" ind1=" " ind2=" ">
<subfield code="a">unmediated</subfield>
<subfield code="b">n</subfield>
<subfield code="2">rdamedia</subfield>
</datafield>
<datafield tag="338" ind1=" " ind2=" ">
<subfield code="a">volume</subfield>
<subfield code="b">nc</subfield>
<subfield code="2">rdacarrier</subfield>
</datafield>
<datafield tag="500" ind1=" " ind2=" ">
<subfield code="a">Cover title.</subfield>
</datafield>
<datafield tag="500" ind1=" " ind2=" ">
<subfield code="a">At head of t.p.: al-Maʻhad al-Khalīfī lil-Abḥāth al-Maghribīyah. Bayt al-Maghrib.</subfield>
</datafield>
<datafield tag="505" ind1="0" ind2=" ">
<subfield code="6">880-04</subfield>
<subfield code="a">pt. 1. Riḥlat Ibn Jubayr -- pt. 2. Riḥlat Ibn Baṭṭūṭah.</subfield>
</datafield>
<datafield tag="600" ind1="0" ind2="0">
<subfield code="6">880-05</subfield>
<subfield code="a">Ibn Batuta,</subfield>
<subfield code="d">1304-1377.</subfield>
<subfield code="t">Tuḥfat al-nuẓẓār fī gharāʼib al-amṣār wa-ʻajāʼib al-asfār.</subfield>
</datafield>
<datafield tag="600" ind1="1" ind2="0">
<subfield code="6">880-06</subfield>
<subfield code="a">Ibn Jubayr, Muḥammad ibn Aḥmad,</subfield>
<subfield code="d">1145-1217.</subfield>
<subfield code="t">Riḥlat Ibn Jubayr.</subfield>
</datafield>
<datafield tag="630" ind1="0" ind2="7">
<subfield code="a">Riḥlat ibn Jubayr (Ibn Jubayr, Muḥammad ibn Aḥmad)</subfield>
<subfield code="2">fast</subfield>
<subfield code="0">(OCoLC)fst01377298</subfield>
</datafield>
<datafield tag="630" ind1="0" ind2="7">
<subfield code="a">Tuḥfat al-nuẓẓār fī gharāʼib al-amṣār wa-ʻajāʼib al-asfār (Ibn Batuta)</subfield>
<subfield code="2">fast</subfield>
<subfield code="0">(OCoLC)fst01373851</subfield>
</datafield>
<datafield tag="880" ind1="1" ind2=" ">
<subfield code="6">100-01/</subfield>
<subfield code="a">زيادة، محمد مصطفى.</subfield>
</datafield>
<datafield tag="880" ind1="1" ind2="0">
<subfield code="6">245-02/</subfield>
<subfield code="a">رحلة ابن جبير ورحلة ابن بطوطة :</subfield>
<subfield code="b">محاضرتان القيتا بدار مكتب التبادل الثقافي للمغرب بمصر في يومي 12 و 19 مايوا سنة 1939 /</subfield>
<subfield code="c">لمحمد مصطفى زيادة.</subfield>
</datafield>
<datafield tag="880" ind1=" " ind2=" ">
<subfield code="6">260-03/</subfield>
<subfield code="a">القاهرة :</subfield>
<subfield code="b">مطبعة لجنة التأليف والترجمة والنشر،</subfield>
<subfield code="c">1939.</subfield>
</datafield>
<datafield tag="880" ind1="0" ind2=" ">
<subfield code="6">505-04/</subfield>
<subfield code="a">پت. 1. رحلة ابن جبير پت. 2. رحلة ابن بطوطة.</subfield>
</datafield>
<datafield tag="880" ind1="0" ind2="4">
<subfield code="6">600-05/</subfield>
<subfield code="a">ابن بطوطة،</subfield>
<subfield code="d">1304-1377.</subfield>
<subfield code="t">تحفة النظار في غرائب الامصار وعجائب الاسفار.</subfield>
</datafield>
<datafield tag="880" ind1="1" ind2="4">
<subfield code="6">600-06/</subfield>
<subfield code="a">ابن جبير، محمد بن احمد،</subfield>
<subfield code="d">1145-1217.</subfield>
<subfield code="t">رحلة ابن جبير.</subfield>
</datafield>
<datafield tag="OWN" ind1=" " ind2=" ">
<subfield code="a">GENERAL</subfield>
</datafield>
<datafield tag="AVA" ind1=" " ind2=" ">
<subfield code="a">NYU50</subfield>
<subfield code="b">BOBST</subfield>
<subfield code="c">Main Collection</subfield>
<subfield code="d">G370 .I3</subfield>
<subfield code="e">unavailable</subfield>
<subfield code="t">Unavailable</subfield>
<subfield code="f">1</subfield>
<subfield code="g">1</subfield>
<subfield code="h">N</subfield>
<subfield code="i">0</subfield>
<subfield code="j">MAIN</subfield>
<subfield code="k">0</subfield>
</datafield>
</record>
